<record><leader>00000cas a2200000 a 4500</leader><controlfield tag="001">27646001</controlfield><controlfield tag="008">930301u1990uuuucauwr ne      0    0rus c</controlfield><datafield ind1=" " ind2=" " tag="010"><subfield code="a">sn 94051721 </subfield></datafield><datafield ind1=" " ind2=" " tag="040"><subfield code="a">AZS</subfield><subfield code="b">eng</subfield><subfield code="c">AZS</subfield><subfield code="d">CNK</subfield><subfield code="d">IUL</subfield><subfield code="d">DLC</subfield><subfield code="d">CNK</subfield><subfield code="d">OCLCQ</subfield><subfield code="d">IUL</subfield><subfield code="d">OCLCO</subfield><subfield code="d">OCLCF</subfield><subfield code="d">OCLCO</subfield></datafield><datafield ind1=" " ind2=" " tag="066"><subfield code="c">(N</subfield></datafield><datafield ind1=" " ind2=" " tag="022"><subfield code="y">0889-0730</subfield></datafield><datafield ind1=" " ind2=" " tag="042"><subfield code="a">pcc</subfield></datafield><datafield ind1=" " ind2=" " tag="043"><subfield code="a">n-us---</subfield><subfield code="a">n-us-ca</subfield></datafield><datafield ind1="0" ind2="0" tag="050"><subfield code="a">Newspaper</subfield></datafield><datafield ind1="0" ind2=" " tag="130"><subfield code="6">880-01</subfield><subfield code="a">Panorama (Los Angeles, Calif.)</subfield></datafield><datafield ind1="1" ind2="0" tag="245"><subfield code="6">880-02</subfield><subfield code="a">Panorama.</subfield></datafield><datafield ind1="1" ind2=" " tag="246"><subfield code="i">Issues for July 14/21, 1990- have English parallel title:</subfield><subfield code="a">Almanac panorama</subfield></datafield><datafield ind1=" " ind2=" " tag="250"><subfield code="a">Nationwide ed.</subfield></datafield><datafield ind1=" " ind2=" " tag="260"><subfield code="a">Los Angeles, CA :</subfield><subfield code="b">Almanac Enterprises Inc.,</subfield><subfield code="c">1990-</subfield></datafield><datafield ind1=" " ind2=" " tag="300"><subfield code="a">v.</subfield></datafield><datafield ind1=" " ind2=" " tag="310"><subfield code="a">Weekly</subfield></datafield><datafield ind1="0" ind2=" " tag="362"><subfield code="a">Issue 483 (July 14/21 [i.e. 13/20], 1990)-</subfield></datafield><datafield ind1=" " ind2=" " tag="515"><subfield code="a">Issue for July 13/20, 1990 misdated July 14/31, 1990.</subfield></datafield><datafield ind1="8" ind2=" " tag="520"><subfield code="a">"The nation's largest independent American Russian weekly publication."</subfield></datafield><datafield ind1=" " ind2=" " tag="530"><subfield code="a">Also issued on microfilm from the Library of Congress, Photoduplication Service.</subfield></datafield><datafield ind1=" " ind2=" " tag="530"><subfield code="a">Master negatives are available for duplication from:</subfield><subfield code="b">California Newspaper Microfilm Archive;</subfield><subfield code="c">positive copies may be purchased by the reel; for further information consult the CNMA at:</subfield><subfield code="u">http://cbsr.ucr.edu</subfield></datafield><datafield ind1=" " ind2=" " tag="546"><subfield code="a">In Russian.</subfield></datafield><datafield ind1=" " ind2=" " tag="588"><subfield code="a">Latest issue consulted: Issue 756 (Oct. 4/10, 1995).</subfield></datafield><datafield ind1=" " ind2="0" tag="650"><subfield code="a">Russians</subfield><subfield code="z">United States</subfield><subfield code="v">Newspapers.</subfield></datafield><datafield ind1=" " ind2="0" tag="650"><subfield code="a">Russian Americans</subfield><subfield code="v">Newspapers.</subfield></datafield><datafield ind1=" " ind2="0" tag="651"><subfield code="a">Los Angeles County (Calif.)</subfield><subfield code="v">Newspapers.</subfield></datafield><datafield ind1=" " ind2="0" tag="651"><subfield code="a">Los Angeles (Calif.)</subfield><subfield code="v">Newspapers.</subfield></datafield><datafield ind1=" " ind2="7" tag="655"><subfield code="a">Newspapers.</subfield><subfield code="2">fast</subfield><subfield code="0">(OCoLC)fst01423814</subfield></datafield><datafield ind1=" " ind2="7" tag="650"><subfield code="a">Russian Americans.</subfield><subfield code="2">fast</subfield><subfield code="0">(OCoLC)fst01101969</subfield></datafield><datafield ind1=" " ind2="7" tag="650"><subfield code="a">Russians.</subfield><subfield code="2">fast</subfield><subfield code="0">(OCoLC)fst01102429</subfield></datafield><datafield ind1=" " ind2="7" tag="651"><subfield code="a">California</subfield><subfield code="z">Los Angeles.</subfield><subfield code="2">fast</subfield><subfield code="0">(OCoLC)fst01204540</subfield></datafield><datafield ind1=" " ind2="7" tag="651"><subfield code="a">California</subfield><subfield code="z">Los Angeles County.</subfield><subfield code="2">fast</subfield><subfield code="0">(OCoLC)fst01205194</subfield></datafield><datafield ind1=" " ind2="7" tag="651"><subfield code="a">United States.</subfield><subfield code="2">fast</subfield><subfield code="0">(OCoLC)fst01204155</subfield></datafield><datafield ind1=" " ind2=" " tag="752"><subfield code="a">United States</subfield><subfield code="b">California</subfield><subfield code="c">Los Angeles</subfield><subfield code="d">Los Angeles.</subfield></datafield><datafield ind1="0" ind2="0" tag="780"><subfield code="6">880-03</subfield><subfield code="t">Al&#697;manakh panorama</subfield><subfield code="x">0889-0730</subfield><subfield code="w">(DLC)sn 86009064</subfield><subfield code="w">(OCoLC)7415133</subfield></datafield><datafield ind1="0" ind2=" " tag="880"><subfield code="6">130-01/(N</subfield><subfield code="a">&#1055;&#1072;&#1085;&#1086;&#1088;&#1072;&#1084;&#1072; (Los Angeles, Calif.)</subfield></datafield><datafield ind1="1" ind2="0" tag="880"><subfield code="6">245-02/(N</subfield><subfield code="a">&#1055;&#1072;&#1085;&#1086;&#1088;&#1072;&#1084;&#1072;.</subfield></datafield><datafield ind1="0" ind2="0" tag="880"><subfield code="6">780-03/(N</subfield><subfield code="t">&#1040;&#1083;&#1100;&#1084;&#1072;&#1085;&#1072;&#1093; &#1087;&#1072;&#1085;&#1086;&#1088;&#1072;&#1084;&#1072;</subfield><subfield code="x">0889-0730</subfield><subfield code="w">(DLC)sn 86009064</subfield><subfield code="w">(OCoLC)7415133</subfield></datafield></record>